%%%%%%%%%%%%%%%%%%%%%%%%%%%%%%%%%%%%%%%%%%%%%%%%%%%%%%%%%%%%%%%%%%%%%%%%%%%%%%%%
@inproceedings{EP-ASP,
  author    = {Tran Cao Son and Tiep Le and Patrick Kahl and Anthony Leclerc},
  title     = {On Computing World Views of Epistemic Logic Programs.},
  booktitle = {Proceedings of the Twenty-Sixth International Joint Conference on
               Artificial Intelligence, {IJCAI-17}},
  pages     = {1269--1275},
  year      = {2017},
  doi       = {10.24963/ijcai.2017/176},
}
%  url       = {https://doi.org/10.24963/ijcai.2017/176},

@inproceedings{G91,
 author = {Gelfond, Michael},
 title = {Strong Introspection.},
 booktitle = {Proceedings of the Ninth National Conference on Artificial Intelligence - Volume 1},
 series = {AAAI'91},
 year = {1991},
 isbn = {0-262-51059-6},
 location = {Anaheim, California},
 pages = {386--391},
 numpages = {6},
 acmid = {1865735},
 publisher = {AAAI Press},
} 
% url = {http://dl.acm.org/citation.cfm?id=1865675.1865735},

@inproceedings{epssplitting,
  author    = {Pedro Cabalar and
               Jorge Fandinno and
               Luis Fari{\~{n}}as del Cerro},
  title     = {Splitting Epistemic Logic Programs.},
  booktitle = {Logic Programming and Nonmonotonic Reasoning - 15th International
               Conference, {LPNMR} 2019, Philadelphia, PA, USA, June 3-7, 2019, Proceedings},
  pages     = {120--133},
  year      = {2019},
  doi       = {10.1007/978-3-030-20528-7\_10},
  timestamp = {Thu, 23 May 2019 13:15:17 +0200},
  biburl    = {https://dblp.org/rec/bib/conf/lpnmr/CabalarFC19},
  bibsource = {dblp computer science bibliography, https://dblp.org}
}
% crossref  = {DBLP:conf/lpnmr/2019},
%   url       = {https://doi.org/10.1007/978-3-030-20528-7\_10},

@article{aspataglance,
  author    = {Gerhard Brewka and
               Thomas Eiter and
               Miroslaw Truszczynski},
  title     = {Answer set programming at a glance.},
  journal   = {Commun. {ACM}},
  volume    = {54},
  number    = {12},
  pages     = {92--103},
  year      = {2011},
  doi       = {10.1145/2043174.2043195},
  timestamp = {Tue, 06 Nov 2018 12:51:41 +0100},
  biburl    = {https://dblp.org/rec/bib/journals/cacm/BrewkaET11},
  bibsource = {dblp computer science bibliography, https://dblp.org}
}
% url       = {https://doi.org/10.1145/2043174.2043195},


@inproceedings{stablemodels,
  author    = {Michael Gelfond and
               Vladimir Lifschitz},
  title     = {The Stable Model Semantics for Logic Programming.},
  booktitle = {Logic Programming, Proceedings of the Fifth International Conference
               and Symposium, Seattle, Washington, USA, August 15-19, 1988 {(2} Volumes)},
  pages     = {1070--1080},
  year      = {1988},
  timestamp = {Sat, 23 Jun 2018 18:45:26 +0200},
  biburl    = {https://dblp.org/rec/bib/conf/iclp/GelfondL88},
  bibsource = {dblp computer science bibliography, https://dblp.org}
}
% crossref  = {DBLP:conf/iclp/1988},

@misc{clingo,
 author = {M. Gebser and R. Kaminski and B. Kaufmann and M. Ostrowski and
T. Schaub and S. Thiele},
 title = {A user’s guide to \texttt{gringo}, \texttt{clasp},
\texttt{clingo}, and \texttt{iclingo}.},
 url = { http://potassco.sourceforge.net.}
}

@article{multishotasp,
  author    = {Martin Gebser and
               Roland Kaminski and
               Benjamin Kaufmann and
               Torsten Schaub},
  title     = {Multi-shot {ASP} solving with clingo.},
  journal   = {{TPLP}},
  volume    = {19},
  number    = {1},
  pages     = {27--82},
  year      = {2019},
  timestamp = {Fri, 18 Jan 2019 23:22:32 +0100},
  biburl    = {https://dblp.org/rec/bib/journals/tplp/GebserKKS19},
  bibsource = {dblp computer science bibliography, https://dblp.org}
}
% url       = {https://doi.org/10.1017/S1471068418000054},
% doi       = {10.1017/S1471068418000054},


@phdthesis{K14,
 author= {P. Kahl},
 title = {Refining the semantics for epistemic logic programming.},
 school = {Texas Tech University},
 year = {2014}
}

@phdthesis{wviews,
 author = {M. Kelly},
 title = {A Worldview Solver for Epistemic Logic Programs.},
 school = {University of Western Sydney},
 type = {Honour's Thesis},
 year = {2007}
}


@article{yale,
  author    = {Steve Hanks and
               Drew V. McDermott},
  title     = {Nonmonotonic Logic and Temporal Projection.},
  journal   = {Artif. Intell.},
  volume    = {33},
  number    = {3},
  pages     = {379--412},
  year      = {1987},
  doi       = {10.1016/0004-3702(87)90043-9},
  timestamp = {Wed, 14 Nov 2018 10:50:01 +0100},
  biburl    = {https://dblp.org/rec/bib/journals/ai/HanksM87},
  bibsource = {dblp computer science bibliography, https://dblp.org}
}
%url       = {https://doi.org/10.1016/0004-3702(87)90043-9},

@book{AI,
  author    = {Stuart J. Russell and
               Peter Norvig},
  title     = {Artificial Intelligence - {A} Modern Approach, Third International
               Edition.},
  publisher = {Pearson Education},
  year      = {2010},
  isbn      = {978-0-13-207148-2},
  timestamp = {Mon, 15 Jul 2019 16:26:46 +0200},
  biburl    = {https://dblp.org/rec/bib/books/daglib/0023820},
  bibsource = {dblp computer science bibliography, https://dblp.org}
}
%url       = {http://vig.pearsoned.com/store/product/1,1207,store-12521\_isbn-0136042597,00.html},

@article{applicationsASP,
  author    = {Esra Erdem and
               Michael Gelfond and
               Nicola Leone},
  title     = {Applications of Answer Set Programming.},
  journal   = {{AI} Magazine},
  volume    = {37},
  number    = {3},
  pages     = {53--68},
  year      = {2016},
  timestamp = {Tue, 19 Dec 2017 00:44:46 +0100},
  biburl    = {https://dblp.org/rec/bib/journals/aim/ErdemGL16},
  bibsource = {dblp computer science bibliography, https://dblp.org}
}
%url       = {http://www.aaai.org/ojs/index.php/aimagazine/article/view/2678},

@article{SE16,
  author    = {Yi{-}Dong Shen and
               Thomas Eiter},
  title     = {Evaluating epistemic negation in answer set programming.},
  journal   = {Artif. Intell.},
  volume    = {237},
  pages     = {115--135},
  year      = {2016},
  doi       = {10.1016/j.artint.2016.04.004},
  timestamp = {Sat, 27 May 2017 14:24:41 +0200},
  biburl    = {https://dblp.org/rec/bib/journals/ai/ShenE16},
  bibsource = {dblp computer science bibliography, https://dblp.org}
}
%url       = {https://doi.org/10.1016/j.artint.2016.04.004},


@inproceedings{complexity,
  author    = {Miroslaw Truszczynski},
  title     = {Revisiting Epistemic Specifications.},
  booktitle = {Logic Programming, Knowledge Representation, and Nonmonotonic Reasoning
               - Essays Dedicated to Michael Gelfond on the Occasion of His 65th
               Birthday},
  pages     = {315--333},
  year      = {2011},
  doi       = {10.1007/978-3-642-20832-4\_20},
  timestamp = {Tue, 14 May 2019 10:00:52 +0200},
  biburl    = {https://dblp.org/rec/bib/conf/birthday/Truszczynski11},
  bibsource = {dblp computer science bibliography, https://dblp.org}
}
%url       = {https://doi.org/10.1007/978-3-642-20832-4\_20},
%crossref  = {DBLP:conf/birthday/2011gelfond},


@article{G94,
  author    = {Michael Gelfond},
  title     = {Logic Programming and Reasoning with Incomplete Information.},
  journal   = {Ann. Math. Artif. Intell.},
  volume    = {12},
  number    = {1-2},
  pages     = {89--116},
  year      = {1994},
  doi       = {10.1007/BF01530762},
  timestamp = {Sun, 28 May 2017 13:21:00 +0200},
  biburl    = {https://dblp.org/rec/bib/journals/amai/Gelfond94},
  bibsource = {dblp computer science bibliography, https://dblp.org}
}

%url       = {https://doi.org/10.1007/BF01530762},

@inproceedings{frame_problem,
    author = {John McCarthy and Patrick J. Hayes},
    title = {Some Philosophical Problems from the Standpoint of Artificial Intelligence.},
    booktitle = {Machine Intelligence},
    year = {1969},
    pages = {463--502},
    publisher = {Edinburgh University Press}
}


@inproceedings{telingo,
  author    = {Pedro Cabalar and
               Roland Kaminski and
               Philip Morkisch and
               Torsten Schaub},
  title     = {telingo = {ASP} + Time},
  booktitle = {Logic Programming and Nonmonotonic Reasoning - 15th International
               Conference, {LPNMR} 2019, Philadelphia, PA, USA, June 3-7, 2019, Proceedings},
  pages     = {256--269},
  year      = {2019},
  doi       = {10.1007/978-3-030-20528-7\_19},
  timestamp = {Fri, 31 May 2019 09:51:40 +0200},
  biburl    = {https://dblp.org/rec/bib/conf/lpnmr/CabalarKMS19},
  bibsource = {dblp computer science bibliography, https://dblp.org}
}


%   crossref  = {DBLP:conf/lpnmr/2019},
%   url       = {https://doi.org/10.1007/978-3-030-20528-7\_19},


@inproceedings{elps,
    author = {Evgenii Balai and Patrick Kahl},
    title = {Epistemic logic programs with sorts.},
    editors = {Daniela Inclezan and Marco Maratea},
    booktitle = {Proc. 7th Workshop on Answer Set Programming and Other Computing Paradigms (ASPOCP 2014)},
    year = {2014}
}

@article{DLV,
  author    = {Nicola Leone and
               Gerald Pfeifer and
               Wolfgang Faber and
               Thomas Eiter and
               Georg Gottlob and
               Simona Perri and
               Francesco Scarcello},
  title     = {The {DLV} system for knowledge representation and reasoning},
  journal   = {{ACM} Trans. Comput. Log.},
  volume    = {7},
  number    = {3},
  pages     = {499--562},
  year      = {2006},
  doi       = {10.1145/1149114.1149117},
  timestamp = {Sun, 02 Jun 2019 21:05:26 +0200},
  biburl    = {https://dblp.org/rec/bib/journals/tocl/LeonePFEGPS06},
  bibsource = {dblp computer science bibliography, https://dblp.org}
}
%   url       = {https://doi.org/10.1145/1149114.1149117},


@phdthesis{digfor,
 author = {Raffaele Olivieri},
 title = {Digital Forensics meets Complexity Theory and Artifial Intelligence: Towards Automated Generation of Investigation Hypothesis.},
 school = {Università degli Studi dell'Aquila},
 year = {Academic year 2014/2015}
}

@inproceedings{conditional_planning,
  author    = {Pedro Cabalar and Jorge Fandinno and Luis Fariñas del Cerro},
  title     = {Dynamic Epistemic Logic with ASP Updates: Application to Conditional Planning.},
  booktitle = {Proc. of the 10th Intl. Workshop on Answer Set Programming and Other Computing Paradigms (ASPOCP'19) Philadeplphia, PA, USA, June 3rd, 2019},
  year      = {2019}
}


@inproceedings{space_shuttle,
  author    = {Monica Nogueira and
               Marcello Balduccini and
               Michael Gelfond and
               Richard Watson and
               Matthew Barry},
  title     = {An {A} Prolog decision support system for the Space Shuttle},
  booktitle = {Answer Set Programming, Towards Efficient and Scalable Knowledge Representation
               and Reasoning, Proceedings of the 1st Intl. ASP'01 Workshop, Stanford,
               CA, USA, March 26-28, 2001},
  year      = {2001},
  timestamp = {Mon, 18 Jun 2018 21:24:27 +0200},
  biburl    = {https://dblp.org/rec/bib/conf/asp/NogueiraBGWB01},
  bibsource = {dblp computer science bibliography, https://dblp.org}
}
%  crossref  = {DBLP:conf/asp/2001},
%   url       = {http://www.cs.nmsu.edu/\%7Etson/ASP2001/10.ps},

@inproceedings{commonsense,
  added-at = {2010-03-31T13:55:06.000+0200},
  address = {London},
  author = {McCarthy, John},
  biburl = {https://www.bibsonomy.org/bibtex/2eec6b1b7b49a649b4d99d803d9daf975/cbrewster},
  booktitle = {Proceedings of the {T}eddington Conference on the Mechanization of Thought Processes},
  interhash = {73597914e6cc614c92d8eedf4a1dab52},
  intrahash = {eec6b1b7b49a649b4d99d803d9daf975},
  keywords = {},
  pages = {75--91},
  publisher = {Her Majesty's Stationary Office},
  timestamp = {2010-03-31T13:55:06.000+0200},
  title = {Programs with Common Sense},
  year = 1959
}
%   url = {http://www-formal.stanford.edu/jmc/mcc59.html},


@article{AR,
  author    = {Maria Paola Bonacina and
               Alberto Martelli},
  title     = {Automated Reasoning},
  journal   = {Intelligenza Artificiale},
  volume    = {3},
  number    = {1-2},
  pages     = {14--20},
  year      = {2006},
  timestamp = {Tue, 23 Jan 2007 11:14:42 +0100},
  biburl    = {https://dblp.org/rec/bib/journals/ia/BonacinaM06},
  bibsource = {dblp computer science bibliography, https://dblp.org}
}

@inproceedings{FAEEL,
  author    = {Pedro Cabalar and
               Jorge Fandinno and
               Luis Fari{\~{n}}as del Cerro},
  title     = {Founded World Views with Autoepistemic Equilibrium Logic},
  booktitle = {Logic Programming and Nonmonotonic Reasoning - 15th International
               Conference, {LPNMR} 2019, Philadelphia, PA, USA, June 3-7, 2019, Proceedings},
  pages     = {134--147},
  year      = {2019},
  doi       = {10.1007/978-3-030-20528-7\_11},
  timestamp = {Thu, 23 May 2019 13:15:17 +0200},
  biburl    = {https://dblp.org/rec/bib/conf/lpnmr/CabalarFC19a},
  bibsource = {dblp computer science bibliography, https://dblp.org}
}
%crossref  = {DBLP:conf/lpnmr/2019},
%   url       = {https://doi.org/10.1007/978-3-030-20528-7\_11},

@article{epistemic_survey,
  author    = {Anthony P. Leclerc and
               Patrick Thor Kahl},
  title     = {A survey of advances in epistemic logic program solvers},
  journal   = {CoRR},
  volume    = {abs/1809.07141},
  year      = {2018},
  archivePrefix = {arXiv},
  eprint    = {1809.07141},
  timestamp = {Fri, 05 Oct 2018 11:34:52 +0200},
  biburl    = {https://dblp.org/rec/bib/journals/corr/abs-1809-07141},
  bibsource = {dblp computer science bibliography, https://dblp.org}
}
% url       = {http://arxiv.org/abs/1809.07141},


@inproceedings{world_view_constraints,
  author    = {Patrick Thor Kahl and
               Anthony P. Leclerc},
  title     = {Epistemic Logic Programs with World View Constraints},
  booktitle = {Technical Communications of the 34th International Conference on Logic
               Programming, {ICLP} 2018, July 14-17, 2018, Oxford, United Kingdom},
  pages     = {1:1--1:17},
  year      = {2018},
  doi       = {10.4230/OASIcs.ICLP.2018.1},
  timestamp = {Thu, 16 May 2019 17:58:01 +0200},
  biburl    = {https://dblp.org/rec/bib/conf/iclp/KahlL18},
  bibsource = {dblp computer science bibliography, https://dblp.org}
}
% crossref  = {DBLP:conf/iclp/2018},
%   url       = {https://doi.org/10.4230/OASIcs.ICLP.2018.1},

@article{refined_ep_lang,
    author = {Kahl, Patrick and Watson, Richard and Balai, Evgenii and Gelfond, Michael and Zhang, Yuanlin},
    year = {2015},
    month = {09},
    pages = {exv065},
    title = {The language of epistemic specifications (refined) including a prototype solver},
    journal = {Journal of Logic and Computation},
    doi = {10.1093/logcom/exv065}
}

@inproceedings{G11,
  author    = {Michael Gelfond},
  title     = {New Semantics for Epistemic Specifications},
  booktitle = {Logic Programming and Nonmonotonic Reasoning - 11th International
               Conference, {LPNMR} 2011, Vancouver, Canada, May 16-19, 2011. Proceedings},
  pages     = {260--265},
  year      = {2011},
  doi       = {10.1007/978-3-642-20895-9\_29},
  timestamp = {Tue, 14 May 2019 10:00:48 +0200},
  biburl    = {https://dblp.org/rec/bib/conf/lpnmr/Gelfond11},
  bibsource = {dblp computer science bibliography, https://dblp.org}
}
%crossref  = {DBLP:conf/lpnmr/2011},
%   url       = {https://doi.org/10.1007/978-3-642-20895-9\_29},


@book{LTL,
  author    = {Zohar Manna and
               Amir Pnueli},
  title     = {The temporal logic of reactive and concurrent systems - specification},
  publisher = {Springer},
  year      = {1992},
  doi       = {10.1007/978-1-4612-0931-7},
  isbn      = {978-3-540-97664-6},
  timestamp = {Tue, 23 Jul 2019 12:44:35 +0200},
  biburl    = {https://dblp.org/rec/bib/books/daglib/0077033},
  bibsource = {dblp computer science bibliography, https://dblp.org}
}
%url       = {https://doi.org/10.1007/978-1-4612-0931-7},
